101 121140399 2044444440111280317A094101SILICON VALLEY BANK    DONNA'S DISHES                 
5220DONNA'S DISHES                      1204444444PPDPAYMENTS        011128   0121140391000001
6271221017060101889556       0000001500100            BROWN CHARLIE           1121140391000001
705Test Addenda Record Test Addenda Record Test Addenda Record Test Addenda Record 00011000001
6271221017060101554223       0000001500101            GREY AMANDA             1121140391000002
705Test Addenda Record Test Addenda Record Test Addenda Record Test Addenda Record 00011000002
6271221017063000006652       0000003000102            DAVE'S CAVES            1121140391000003
705Test Addenda Record Test Addenda Record Test Addenda Record Test Addenda Record 00011000003
822500000600366305100000000060000000000000001204444444                         121140391000001
9000001000001000000060036630510000000006000000000000000                                       
9999999999999999999999999999999999999999999999999999999999999999999999999999999999999999999999
9999999999999999999999999999999999999999999999999999999999999999999999999999999999999999999999
9999999999999999999999999999999999999999999999999999999999999999999999999999999999999999999999
9999999999999999999999999999999999999999999999999999999999999999999999999999999999999999999999
9999999999999999999999999999999999999999999999999999999999999999999999999999999999999999999999
9999999999999999999999999999999999999999999999999999999999999999999999999999999999999999999999
9999999999999999999999999999999999999999999999999999999999999999999999999999999999999999999999
9999999999999999999999999999999999999999999999999999999999999999999999999999999999999999999999
9999999999999999999999999999999999999999999999999999999999999999999999999999999999999999999999
9999999999999999999999999999999999999999999999999999999999999999999999999999999999999999999999
