101 121140399 23456789198021813346094101SILICON VALLEY BANK    AUSTIN DISB CTR        DTSGA001
5220US TREASURY     220                 1234567891CTXEDI MISC        980206   2121140390000272
6220110002063456-155         000001179640000004       0006DAVID JONES CO      1121140399008286
705TEST ADDENDA            TEST ADDENDA                       TEST ADDENDA      13300019008286
7051234567, 1234567, 1234567, 987654, 987654, 987654                               00029008286
705INVOICE R45111177                                                               00039008286
705INVOICE R45111188                                                               00049008286
705INVOICE R45111199                                                               00059008286
705MEMO TESTTESTTEST MEMO TEST    MEMO TEST       MEMO TEST                        00069008286
62201100039077777            000011031640000004       0007SOFTBANK            1121140399008287
705REMIT LAST PAYMENT IN AUGUST 2019 - CANCEL TEST SERVICES GOING FORWARD          00019008287
7053*U*00200*000000001*0*T*~\GS*RA*FAXFAXFAXFAXYX4YX4YX4YX4980218*1333*2*X*003040\S00029008287
705T*820*009008287\TESTTESTTESTTESTTESTCTX*01*RRMRRMRRM*ZZ*40000004***01*011000390*00039008287
705DA*77777*980206*VEN\REF*72*M98333\N1*PE*GENGENGENGEN042557771\N1*PR*ZEROPASSSPAC00049008287
705E CENTER4646464646464646457*AI*403.16*400\98B98B98B125 %500000INTEREST FOR 20 DA00059008287
705YS\RMR*IV*23459*AI*400*402*2\MR*IV*23458*AI*300\SE*11*MEMOMEMOMEMOMEMOMEMOMEMO0000069008287
7050000001\                                                                        00079008287
822000001500022000590000000000000000001221121234567891                         121140390000272
9000001000002000000150002200059000000000000000000122112
9999999999999999999999999999999999999999999999999999999999999999999999999999999999999999999999
