01,121140399,121140399,200303,0202,1,,,2/
02,,ROYCCAT2XXX,1,200303,,CAD,2/
03,0000212345697,CAD,010,1708779300,,,015,1704108952,,/
88,040,000,,,045,000,,/
88,072,,,,074,,,/
88,100,4159680,1,,400,8830028,2,/
16,699,5796728,,,Test Company/
88,Miscellaneous-Debit
16,399,4159680,,,ICBC/
88,Miscellaneous-Credit PV42195
16,699,3033300,,,TXINS 8357630/
88,Miscellaneous-Debit
49,3438867668,11/
98,3438867668,1,13/
99,3438867668,1,15/